%Introduzione
@techreport{Lee2000_RadioWavePropagationTunnels,
  author       = {Jeho Lee},
  title        = {Radio Wave Propagation in Tunnels},
  institution  = {Polytechnic University, Brooklyn, NY},
  type         = {Technical Report},
  number       = {ADA379290},
  year         = {2000},
  pages        = {84},
  address      = {Brooklyn, NY},
  url          = {https://apps.dtic.mil/sti/pdfs/ADA379290.pdf},
}

@article{jacksha2016,
  author  = {Jacksha, R. and Zhou, C.},
  title   = {Measurement of RF Propagation Around Corners in Underground Mines and Tunnels},
  journal = {Transactions of the Society for Mining, Metallurgy, and Exploration},
  year    = {2016},
  volume  = {340},
  number  = {1},
  pages   = {30--37},
  doi     = {10.19150/trans.7324},
  url     = {https://pmc.ncbi.nlm.nih.gov/articles/PMC5472338/}
}

@misc{bianchi2023spazio,
  author = {Bianchi, Simone},
  title  = {Il suono in uno spazio chiuso},
  year   = {2023},
  note   = {Paragrafo ``Teoria modale'', p.~2; adattamento della tesi di laurea di T.~Giunti},
  url    = {https://www.simonebianchi.net/wp-content/uploads/2023/01/acustica_ambient.pdf}
}

@article{acoustic2024,
  author  = {Al Moshi, Md Abir and others},
  title   = {Wireless Underground Sensor Communication Using Acoustic Technology: A Review},
  journal = {Sensors},
  year    = {2024},
  note    = {Open access review on acoustic WUSNs},
  url     = {https://pmc.ncbi.nlm.nih.gov/articles/PMC11125261/}
}

%Fine Introduzione

%Stato dell'arte
@article{akyildiz2006,
  author  = {Akyildiz, Ian F. and Stuntebeck, Erich P.},
  title   = {Wireless Underground Sensor Networks: Research Challenges},
  journal = {Ad Hoc Networks},
  year    = {2006},
  volume  = {4},
  number  = {6},
  pages   = {669--686},
  doi     = {10.1016/j.adhoc.2006.03.004},
  url     = {https://doi.org/10.1016/j.adhoc.2006.03.004},
  note    = {Paragrafo: Sec.~2 (Underground Channel Modeling)}
}

%jacksha2016 già citato nell'introduzione

@article{salam2023survey,
  author  = {Salam, A. and others},
  title   = {Taking Wireless Underground: A Comprehensive Summary},
  journal = {ACM Computing Surveys},
  year    = {2023},
  doi     = {10.1145/3587934},
  url     = {https://doi.org/10.1145/3587934}
}

@article{fishta2023inpipe,
  author    = {Fishta, Marenglen and Franceschinis, Giorgia and Braglia, Andrea and Alj and Bagheri, S. and Seceleanu, Cristina},
  title     = {From Radio to In-Pipe Acoustic Communication for Smart Water Networks},
  journal   = {Information},
  year      = {2023},
  volume    = {14},
  number    = {8},
  pages     = {435},
  doi       = {10.3390/info14080435},
  url       = {https://doi.org/10.3390/info14080435}
}

@techreport{heifetz2017pipes,
  author      = {Heifetz, Alexander and et al.},
  title       = {Transmission of Information by Acoustic Communication Along Metal Pathways},
  institution = {Argonne National Laboratory},
  year        = {2017},
  number      = {ANL-17/13},
  doi         = {10.2172/1353103},
  url         = {https://doi.org/10.2172/1353103}
}

@article{farai2023mdpe,
  author    = {Farai, O. O. and Muggleton, J. M. and Rustighi, E. and Brennan, M. J.},
  title     = {Analysis of Acoustic Signal Propagation for Reliable Digital Communication Along MDPE Pipes},
  journal   = {Applied Sciences},
  year      = {2023},
  volume    = {13},
  number    = {15},
  pages     = {8886},
  doi       = {10.3390/app13158886},
  url       = {https://doi.org/10.3390/app13158886}
}

@misc{yang2020soil,
  author       = {Yang, S. and Kalantari, A. and Markham, S. and Saniie, J. and Kong, F.},
  title        = {Development of an Underground Through-Soil Wireless Acoustic Communication System},
  howpublished = {Technical Report, University of Illinois Chicago},
  year         = {2020},
  url          = {https://indico.cern.ch/event/923808/contributions/3896723/}
}

%Fine Stato dell'arte

%Design Protocollo
@article{shannon1949,
  author    = {Claude E. Shannon},
  title     = {Communication in the presence of noise},
  journal   = {Proceedings of the IRE},
  year      = {1949},
  volume    = {37},
  number    = {1},
  pages     = {10--21},
  doi       = {10.1109/JRPROC.1949.232969}
  url       = {https://webusers.imj-prg.fr/~antoine.chambert-loir/enseignement/2020-21/shannon/shannon1949.pdf}

}

@book{zwicker1999psychoacoustics,
  author    = {Eberhard Zwicker and Hugo Fastl},
  title     = {Psychoacoustics: Facts and Models},
  publisher = {Springer},
  year      = {1999},
  edition   = {2nd},
  doi       = {10.1007/978-3-662-09562-1},
  url       = {https://link.springer.com/book/10.1007/978-3-540-68888-4}
}

@article{cooley1965fft,
  author    = {James W. Cooley and John W. Tukey},
  title     = {An algorithm for the machine calculation of complex Fourier series},
  journal   = {Mathematics of Computation},
  volume    = {19},
  number    = {90},
  pages     = {297--301},
  year      = {1965},
  doi       = {10.1090/S0025-5718-1965-0178586-1},
  url       = {https://www.ams.org/mcom/1965-19-090/S0025-5718-1965-0178586-1/S0025-5718-1965-0178586-1.pdf}
}

@misc{esp32techref,
  title        = {ESP32 Technical Reference misc},
  organization = {Espressif Systems},
  year         = {2020},
  url          = {https://www.espressif.com/sites/default/files/documentation/esp32_datasheet_en.pdf}
}

@misc{QuadraticInterpolationSpectralPeaks,
  author       = {Smith, J.O. and Serra, X.},
  title        = {Quadratic Interpolation of Spectral Peaks},
  howpublished = {misc, CCRMA, Stanford University},
  accessed     = {2025-09-10},
  year         = {2020},
  url          = {https://ccrma.stanford.edu/~jos/sasp/Quadratic_Interpolation_Spectral_Peaks.html}
}

%Fine Design Protocollo

%Implementazione Hardware

%esp32techref già citato nel design protocollo

@misc{Patti2024,
  author       = {Patti, Davide},
  title        = {Introduction to Microcontrollers -- Communication Interfaces},
  year         = {2024},       
}


@misc{nordic-devzone,
  title        = {Q\&A: Using SPH0645LM4H with Nordic SoCs (I2S timing and OSR)},
  organization = {Nordic Semiconductor DevZone},
  year         = {2019},
  url          = {https://devzone.nordicsemi.com/f/nordic-q-a/65863/i2s-clocks-and-softdevice}
}

@misc{adafruit-sph0645-datasheet,
  title        = {SPH0645LM4H MEMS Microphone Datasheet},
  year         = {2015},
  organization = {Knowles},
  note         = {Adafruit product files},
  url          = {https://cdn-shop.adafruit.com/product-files/3421/i2S+Datasheet.PDF}
}

@misc{mems-acoustics,
  title        = {Adafruit MAX98357 I2S Class-D Mono Amp Guide},
  author       = {Adafruit Industries},
  year         = {2016},
  note         = {Guide / Datasheet PDF},
  url          = {https://www.ije.ir/article_71856_e8a71864557e41de20df5091667.pdf}
}


@misc{adafruit-max98357-datasheet,
  title        = {Adafruit MAX98357 I2S Class-D Mono Amp Guide},
  author       = {Adafruit Industries},
  year         = {2016},
  note         = {Guide / Datasheet PDF},
  url          = {https://www.analog.com/media/en/technical-documentation/data-sheets/max98357a-max98357b.pdf}
}


%Fine Implementazione Hardware

%Sviluppi Futuri
@article{Dziak2017,
  author       = {Dziak, Robert P. and Haxel, Julia H. and Lau, T.-K. and Heimlich, S. and Caplan-Auerbach, Jacqueline and Mellinger, D. K. and Matsumoto, H. and Mate, Bruce},
  title        = {A Pulsed-air Model of Blue Whale B Call Vocalizations},
  journal      = {Scientific Reports},
  volume       = {7},
  number       = {1},
  pages        = {9122},
  year         = {2017},
  doi          = {10.1038/s41598-017-09423-7},
  url          = {https://www.nature.com/articles/s41598-017-09423-7}
}

%Fine Sviluppi Futuri